@article{Ruder2017MTL,
author      = {Sebastian Ruder},
title       = {An Overview of Multi-Task Learning in Deep Neural Networks},
journal     = {CoRR},
volume      = {abs/1706.05098},
year        = {2017},
note        = {\url{http://arxiv.org/abs/1706.05098}},
eprinttype  = {arXiv},
eprint      = {1706.05098},
timestamp   = {Mon, 13 Aug 2018 16:48:50 +0200},
biburl      = {https://dblp.org/rec/journals/corr/Ruder17a.bib},
bibsource   = {dblp computer science bibliography, https://dblp.org}
}

@online{Ralf2021ENHANCE,
author          = {Ralf Raumanns},
title           = {ENHANCE},
year            = {2021},
publisher       = {GitHub},
journal         = {GitHub repository},
note            = {\url{https://github.com/raumannsr/ENHANCE}}
}

@article{Cheplygina2020CrowdDetective,
journal     = {Journal of Trial and Error},
doi         = {10.36850/rga1},
number      = {1},
note        = {\url{https://archive.jtrialerror.com/pub/crowddetective}},
title       = {CrowdDetective: Wisdom of the Crowds for Detecting Abnormalities in Medical Scans},
note         = {https://archive.jtrialerror.com/pub/crowddetective},
volume      = {1},
author      = {Cheplygina, Veronika},
date        = {2020-12-02},
year        = {2020},
month       = {12},
day         = {2}
}

@online{Halpern2021Warning,
title   = {Melanoma Warning Signs and Images},
note    = {\url{https://www.skincancer.org/skin-cancer-information/melanoma/melanoma-warning-signs-and-images/#panel1-2}},
journal = {The Skin Cancer Foundation},
author  = {Halpern, Allan C. and Marghoob, Ashfaq A. and Reiter, Ofer},
year    = {2021},
month   = {Oct}
}

@arcticle{Chen2016Labor,
title       = {Research Note—Are Online Labor Markets Spot Markets for Tasks? A Field Experiment on the Behavioral Response to Wage Cuts},
author      = {Chen, Daniel and Horton, John},
year        = {2016},
journal     = {Information Systems Research},
volume      = {27},
number      = {2},
pages       = {403-423},
keywords    = {economics of IS; electronic commerce; field experiments; IT and new organizational forms},
note        = {\url{https://EconPapers.repec.org/RePEc:inm:orisre:v:27:y:2016:i:2:p:403-423}}
}

@book{Hassenzahl2010Experience,
author      = {Hassenzahl, Marc},
year        = {2010},
month       = {01},
pages       = {},
title       = {Experience Design: Technology for All the Right Reasons},
volume      = {3},
journal     = {Synthesis Lectures on Human-Centered Informatics},
doi         = {10.2200/S00261ED1V01Y201003HCI008}
}

@inproceedings{Lenz2013Attributes,
author      = {Lenz, Eva and Diefenbach, Sarah and Hassenzahl, Marc},
year        = {2013},
month       = {09},
pages       = {},
title       = {Exploring Relationships Between Interaction Attributes and Experience},
doi         = {10.1145/2513506.2513520}
}

@online{Veronika2019Valleywatch,
title   = {Valleywatch: a game for medical image annotation},
note    = {\url{https://veronikach.com/research/valley-watch-a-purposeful-game-for-medical-image-annotation/}},
journal = {Dr Veronika CH},
author  = {Veronika and Noeska},
year    = {2019},
month   = {Feb}
}

@online{Khan2018MelaGo,
title   = {MelaGo: Gamifying Medical Image Annotation},
note    = {\url{https://labels.tue-image.nl/wp-content/uploads/2018/09/AM-11.pdf}},
author  = {Vassilis-Javed Khan, Pim Meijer, Michele Paludetti1, Reka Magyari1, Dominique van Berkum, Veronika Cheplygina},
year    = {2018}
}

@online{Braindr,
title   = {Braindr.us},
note    = {\url{https://braindr.us/#/}}
}

@misc{Oerting2019Survey,
title           = {A Survey of Crowdsourcing in Medical Image Analysis}, 
author          = {Silas Ørting and Andrew Doyle and Arno van Hilten and Matthias Hirth and Oana Inel and Christopher R. Madan and Panagiotis Mavridis and Helen Spiers and Veronika Cheplygina},
year            = {2019},
eprint          = {1902.09159},
archivePrefix   = {arXiv},
primaryClass    = {cs.CV}
}

% Codella N, Gutman D, Celebi ME, Helba B, Marchetti MA, Dusza S, Kalloo A, Liopyris K, Mishra N, Kittler H, Halpern A. "Skin Lesion Analysis Toward Melanoma Detection: A Challenge at the 2017 International Symposium on Biomedical Imaging (ISBI), Hosted by the International Skin Imaging Collaboration (ISIC)". arXiv: 1710.05006 [cs.CV]
@online{ISIC2017Challenge,
title   = {ISIC 2017 Challenge},
note    = {\url{https://challenge.isic-archive.com/data/#2017}}
}

@misc{mturk,
title   = {Amazon Mechanical Turk},
note    = {\url{https://www.mturk.com/}}
}

@article {Alexander2017HealthyBrain,
author          = {Alexander, Lindsay M. and Escalera, Jasmine and Ai, Lei and Andreotti, Charissa and Febre, Karina and Mangone, Alexander and Potler, Natan Vega and Langer, Nicolas and Alexander, Alexis and Kovacs, Meagan and Litke, Shannon and O{\textquoteright}Hagan, Bridget and Bronstein, Batya and Bui, Anastasia and Bushey, Marijayne and Castagna, Victoria and Camacho, Nicolas and Chan, Elisha and Citera, Danielle and Clucas, Jon and Cohen, Samantha and Eaves, Megan and Fradera, Brian and Grant-Villegas, Natalie and Green, Gabriella and Gregory, Camille and Hart, Emily and Harris, Shana and Lord, Catherine and Kahn, Danielle and Kabotyanski, Katya and Kleinman, Kayla and Koo, Bonhwang and Kramer, Eliza and Margolis, Amy and Merikangas, Kathleen R. and Milham, Judith and Minniti, Giuseppe and Neuhaus, Rebecca and Nussbaum, Alexandra and Osman, Yael and Parra, Lucas C. and Pugh, Ken R. and Racanello, Amy and Restrepo, Anita and Saltzman, Tian and Septimus, Batya and Tobe, Russell and Waltz, Rachel and Williams, Anna and Yeo, Anna and Castellanos, Francisco X. and Klein, Arno and Paus, Tomas and Leventhal, Bennett L. and Craddock, Cameron R. and Koplewicz, Harold S. and Milham, Michael P.},
title           = {The Healthy Brain Network Biobank: An open resource for transdiagnostic research in pediatric mental health and learning disorders},
elocation-id    = {149369},
year            = {2017},
doi             = {10.1101/149369},
publisher       = {Cold Spring Harbor Laboratory},
note            = {\url{https://www.biorxiv.org/content/early/2017/06/13/149369}},
eprint          = {https://www.biorxiv.org/content/early/2017/06/13/149369.full.pdf},
journal         = {bioRxiv}
}

@article{10.7717/peerj.6762,
title = {Crowdsourcing in medical research: concepts and applications},
author = {Tucker, Joseph D. and Day, Suzanne and Tang, Weiming and Bayus, Barry},
year = 2019,
month = apr,
keywords = {Crowdsourcing, Theory, Literature review, Collective intelligence, Open source model},
volume = 7,
pages = {e6762},
journal = {PeerJ},
issn = {2167-8359},
note = {\url{https://doi.org/10.7717/peerj.6762}},
doi = {10.7717/peerj.6762}
}

@article{herrera2014crowd,
author = {García Seco de Herrera, Alba and Foncubierta, Antonio and Markonis, Dimitrios and Schaer, Roger and Müller, Henning},
year = {2014},
month = {10},
pages = {},
title = {Crowdsourcing for Medical Image Classification},
journal = {Swiss Medical Informatics},
doi = {10.4414/smi.30.00319}
}

@InProceedings{maier2014endoscopic,
author="Maier-Hein, Lena
and Mersmann, Sven
and Kondermann, Daniel
and Stock, Christian
and Kenngott, Hannes Gotz
and Sanchez, Alexandro
and Wagner, Martin
and Preukschas, Anas
and Wekerle, Anna-Laura
and Helfert, Stefanie
and Bodenstedt, Sebastian
and Speidel, Stefanie",
editor="Golland, Polina
and Hata, Nobuhiko
and Barillot, Christian
and Hornegger, Joachim
and Howe, Robert",
title="Crowdsourcing for Reference Correspondence Generation in Endoscopic Images",
booktitle="Medical Image Computing and Computer-Assisted Intervention -- MICCAI 2014",
year="2014",
publisher="Springer International Publishing",
address="Cham",
pages="349--356"
}

@book{sharp2019interaction,
title={Interaction Design: Beyond Human-Computer Interaction},
author={Sharp, H. and Preece, J. and Rogers, Y.},
isbn={9781119547358},
url={https://books.google.dk/books?id=UDeQDwAAQBAJ},
year={2019},
publisher={Wiley}
}

@article{joshi2015likert,
author = {Joshi, Ankur and Kale, Saket and Chandel, Satish and Pal, Dinesh},
year = {2015},
month = {01},
pages = {396-403},
title = {Likert Scale: Explored and Explained},
volume = {7},
journal = {British Journal of Applied Science & Technology},
doi = {10.9734/BJAST/2015/14975}
}